<?xml version="1.0" encoding="UTF-8"?>
<record xmlns="http://www.loc.gov/MARC21/slim" xmlns:xsi="http://www.w3.org/2001/XMLSchema-instance" xsi:schemaLocation="http://www.loc.gov/MARC21/slim http://www.loc.gov/standards/marcxml/schema/MARC21slim.xsd">
<leader>00000cam a22      i 4500</leader>
<controlfield tag="001">001686026</controlfield>
<controlfield tag="003">NNU</controlfield>
<controlfield tag="005">20150507160556.0</controlfield>
<controlfield tag="008">990327s1963    sy            000 0 araod</controlfield>
<datafield tag="035" ind1=" " ind2=" ">
<subfield code="a">(OCoLC)49475105</subfield>
</datafield>
<datafield tag="040" ind1=" " ind2=" ">
<subfield code="a">CGU</subfield>
<subfield code="b">eng</subfield>
<subfield code="c">CGU</subfield>
<subfield code="d">OCLCQ</subfield>
<subfield code="d">N15</subfield>
<subfield code="d">OCLCF</subfield>
<subfield code="d">OCLCQ</subfield>
<subfield code="d">OCLCO</subfield>
<subfield code="d">NNU</subfield>
</datafield>
<datafield tag="043" ind1=" " ind2=" ">
<subfield code="a">n------</subfield>
<subfield code="a">s------</subfield>
<subfield code="a">e------</subfield>
</datafield>
<datafield tag="050" ind1=" " ind2="4">
<subfield code="a">PJ8020</subfield>
<subfield code="b">.Q8 1963</subfield>
</datafield>
<datafield tag="100" ind1="1" ind2=" ">
<subfield code="6">880-01</subfield>
<subfield code="a">Qunṣul, Ilyās.</subfield>
</datafield>
<datafield tag="245" ind1="1" ind2="0">
<subfield code="6">880-02</subfield>
<subfield code="a">Adab al-mughtaribīn.</subfield>
</datafield>
<datafield tag="260" ind1=" " ind2=" ">
<subfield code="6">880-03</subfield>
<subfield code="a">Dimashq :</subfield>
<subfield code="b">Wizārat al-Thaqāfah wa-al-Irshād al-Qawmī. Mudīrīyat al-Taʼlīf wa-al-Tarjamah,</subfield>
<subfield code="c">1963.</subfield>
</datafield>
<datafield tag="300" ind1=" " ind2=" ">
<subfield code="a">103 pages.</subfield>
</datafield>
<datafield tag="336" ind1=" " ind2=" ">
<subfield code="a">text</subfield>
<subfield code="b">txt</subfield>
<subfield code="2">rdacontent</subfield>
</datafield>
<datafield tag="337" ind1=" " ind2=" ">
<subfield code="a">unmediated</subfield>
<subfield code="b">n</subfield>
<subfield code="2">rdamedia</subfield>
</datafield>
<datafield tag="338" ind1=" " ind2=" ">
<subfield code="a">volume</subfield>
<subfield code="b">nc</subfield>
<subfield code="2">rdacarrier</subfield>
</datafield>
<datafield tag="490" ind1="1" ind2=" ">
<subfield code="6">880-04</subfield>
<subfield code="a">Silsilat al-thaqāfah al-shaʻbīyah ;</subfield>
<subfield code="v">8</subfield>
</datafield>
<datafield tag="650" ind1=" " ind2="0">
<subfield code="a">Arabic literature</subfield>
<subfield code="z">America</subfield>
<subfield code="x">History and criticism.</subfield>
</datafield>
<datafield tag="650" ind1=" " ind2="0">
<subfield code="a">Arabic literature</subfield>
<subfield code="z">Europe</subfield>
<subfield code="x">History and criticism.</subfield>
</datafield>
<datafield tag="650" ind1=" " ind2="7">
<subfield code="a">Arabic literature.</subfield>
<subfield code="2">fast</subfield>
<subfield code="0">(OCoLC)fst00812478</subfield>
</datafield>
<datafield tag="651" ind1=" " ind2="7">
<subfield code="a">America.</subfield>
<subfield code="2">fast</subfield>
<subfield code="0">(OCoLC)fst01239786</subfield>
</datafield>
<datafield tag="651" ind1=" " ind2="7">
<subfield code="a">Europe.</subfield>
<subfield code="2">fast</subfield>
<subfield code="0">(OCoLC)fst01245064</subfield>
</datafield>
<datafield tag="655" ind1=" " ind2="7">
<subfield code="a">Criticism, interpretation, etc.</subfield>
<subfield code="2">fast</subfield>
<subfield code="0">(OCoLC)fst01411635</subfield>
</datafield>
<datafield tag="880" ind1="1" ind2=" ">
<subfield code="6">100-01/</subfield>
<subfield code="a">قنصل، إلياس.</subfield>
</datafield>
<datafield tag="880" ind1="1" ind2="0">
<subfield code="6">245-02/</subfield>
<subfield code="a">أدب المغتربين /</subfield>
<subfield code="c">الياس قنصل.</subfield>
</datafield>
<datafield tag="880" ind1=" " ind2=" ">
<subfield code="6">260-03/</subfield>
<subfield code="a">دمشق :</subfield>
<subfield code="b">وزارة الثقافة والارشاد القومي، مديرية التأليف والترجمة،</subfield>
<subfield code="c">١٩٦٣.</subfield>
</datafield>
<datafield tag="880" ind1="1" ind2=" ">
<subfield code="6">490-04/</subfield>
<subfield code="a">سلسلة الثقافة الشعبية ؛</subfield>
<subfield code="v">٨</subfield>
</datafield>
<datafield tag="830" ind1=" " ind2="0">
<subfield code="6">880-05</subfield>
<subfield code="a">Silsilat al-thaqāfah al-shaʻbīyah ;</subfield>
<subfield code="v">8.</subfield>
</datafield>
<datafield tag="880" ind1=" " ind2="0">
<subfield code="6">830-05/</subfield>
<subfield code="a">سلسلة الثقافة الشعبية ؛</subfield>
<subfield code="v">8.</subfield>
</datafield>
<datafield tag="OWN" ind1=" " ind2=" ">
<subfield code="a">GENERAL</subfield>
</datafield>
<datafield tag="AVA" ind1=" " ind2=" ">
<subfield code="a">NYU50</subfield>
<subfield code="b">BOBST</subfield>
<subfield code="c">Main Collection</subfield>
<subfield code="d">PJ8020 .Q8 1963</subfield>
<subfield code="e">unavailable</subfield>
<subfield code="t">Unavailable</subfield>
<subfield code="f">1</subfield>
<subfield code="g">1</subfield>
<subfield code="h">N</subfield>
<subfield code="i">0</subfield>
<subfield code="j">MAIN</subfield>
<subfield code="k">0</subfield>
</datafield>
</record>
